<collection xmlns="http://www.loc.gov/MARC21/slim">
<record>
  <leader>01669nam0a22003131i 450 </leader>
  <controlfield tag="001">IT\ICCU\CNCE\077157</controlfield>
  <controlfield tag="005">20120126000000.0</controlfield>
  <datafield tag="012" ind1=" " ind2=" ">
    <subfield code="a">neis neis i.ui soei (C) 1550 (Q)</subfield>
    <subfield code="2">fei</subfield>
  </datafield>
  <datafield tag="100" ind1=" " ind2=" ">
    <subfield code="a">20111219f1550        0itac0103    ba</subfield>
  </datafield>
  <datafield tag="101" ind1=" " ind2=" ">
    <subfield code="a">ITA</subfield>
  </datafield>
  <datafield tag="102" ind1=" " ind2=" ">
    <subfield code="a">IT</subfield>
  </datafield>
  <datafield tag="200" ind1="1" ind2=" ">
    <subfield code="a">Strambotti noui sopra ogni proposito. Composti per lo eccellentissimo &amp; famoso poeta Seraphino da laquila. Con vna epistola agionta nouamente</subfield>
  </datafield>
  <datafield tag="210" ind1=" " ind2=" ">
    <subfield code="d">\circa 1550!</subfield>
    <subfield code="e">\Venezia!</subfield>
    <subfield code="g">per Giouanni Andrea Vauassore detto Guadagnino</subfield>
  </datafield>
  <datafield tag="215" ind1=" " ind2=" ">
    <subfield code="a">\4! c.</subfield>
    <subfield code="d">4ʻ</subfield>
  </datafield>
  <datafield tag="300" ind1=" " ind2=" ">
    <subfield code="a">Per la data cfr.: Short-title catalogue of books printed in Italy and of Italian books, p. 185</subfield>
  </datafield>
  <datafield tag="620" ind1=" " ind2=" ">
    <subfield code="a">IT</subfield>
    <subfield code="d">Venezia</subfield>
  </datafield>
  <datafield tag="700" ind1=" " ind2="0">
    <subfield code="a">Serafino</subfield>
    <subfield code="c"> : Aquilano</subfield>
    <subfield code="3">IT\ICCU\CNCA\006567</subfield>
  </datafield>
  <datafield tag="712" ind1="0" ind2="0">
    <subfield code="a">Valvassori, Giovanni Andrea</subfield>
    <subfield code="3">IT\ICCU\CNCT\000431</subfield>
    <subfield code="4">650</subfield>
  </datafield>
  <datafield tag="790" ind1=" " ind2="1">
    <subfield code="a">Aquila,</subfield>
    <subfield code="b">Serafino : dell&apos;</subfield>
    <subfield code="3">IT\ICCU\CNCA\007641</subfield>
    <subfield code="z">Serafino : Aquilano</subfield>
  </datafield>
  <datafield tag="790" ind1=" " ind2="1">
    <subfield code="a">Ciminelli,</subfield>
    <subfield code="b">Serafino : de&apos;</subfield>
    <subfield code="3">IT\ICCU\CNCA\008243</subfield>
    <subfield code="z">Serafino : Aquilano</subfield>
  </datafield>
  <datafield tag="790" ind1=" " ind2="0">
    <subfield code="a">Serafino</subfield>
    <subfield code="c"> : da#Aquila</subfield>
    <subfield code="3">IT\ICCU\CNCA\025650</subfield>
    <subfield code="z">Serafino : Aquilano</subfield>
  </datafield>
  <datafield tag="790" ind1=" " ind2="0">
    <subfield code="a">Serafino</subfield>
    <subfield code="c"> : dell&apos;Aquila</subfield>
    <subfield code="3">IT\ICCU\CNCA\025653</subfield>
    <subfield code="z">Serafino : Aquilano</subfield>
  </datafield>
  <datafield tag="791" ind1="0" ind2="0">
    <subfield code="a">Vavassor, Ioannes Andreas</subfield>
    <subfield code="3">IT\ICCU\CNCT\004148</subfield>
    <subfield code="z">Valvassori, Giovanni Andrea</subfield>
  </datafield>
  <datafield tag="791" ind1="0" ind2="0">
    <subfield code="a">Guadagninus de Vavassoribus, Ioannes Andreas</subfield>
    <subfield code="3">IT\ICCU\CNCT\005847</subfield>
    <subfield code="z">Valvassori, Giovanni Andrea</subfield>
  </datafield>
  <datafield tag="791" ind1="0" ind2="0">
    <subfield code="a">Vavassore, Guadagnino di</subfield>
    <subfield code="3">IT\ICCU\CNCT\005848</subfield>
    <subfield code="z">Valvassori, Giovanni Andrea</subfield>
  </datafield>
  <datafield tag="791" ind1="0" ind2="0">
    <subfield code="a">Vavassori, Giovan Andrea</subfield>
    <subfield code="3">IT\ICCU\CNCT\005849</subfield>
    <subfield code="z">Valvassori, Giovanni Andrea</subfield>
  </datafield>
  <datafield tag="791" ind1="0" ind2="0">
    <subfield code="a">Valvassore, Giovanni Andrea</subfield>
    <subfield code="3">IT\ICCU\CNCT\005850</subfield>
    <subfield code="z">Valvassori, Giovanni Andrea</subfield>
  </datafield>
  <datafield tag="801" ind1=" " ind2="3">
    <subfield code="a">IT</subfield>
    <subfield code="b">ICCU</subfield>
    <subfield code="c">20201115</subfield>
  </datafield>
  <datafield tag="899" ind1=" " ind2=" ">
    <subfield code="a">British Library. London</subfield>
    <subfield code="1">UK0001</subfield>
  </datafield>
</record>
</collection>
